%
% Thesis - Bibliography
% Lakshitha de Silva
% School of Computer Science
% University of St Andrews, Scotland, UK
% 2014
%

@book{Bass2003,
	author		= {Bass, Len and Clements, Paul and Kazman, Rick},
	title			= {Software Architecture in Practice, Second Edition},
	publisher 		= {Addison Wesley},
	year			= {2003}
}
@inproceedings{Bosch2003,
	author		= {Bosch, Jan},
	title			= {Software Architecture: The Next Step},
	booktitle		= {Proceedings of the 1st {European} Workshop on Software Architecture},
	pages		= {194--199},
	publisher 		= {Springer},
	year			= {2003}
}
@article{Dash2005,
	author		=  {Dashofy, Eric M. and van der Hoek, Andr{\'e} and Taylor, Richard N.},
	title			=  {A Comprehensive Approach for the Development of Modular Software Architecture Description Languages},
	journal		=  {{ACM} Transactions on Software Engineering and Methodology},
	pages		=  {199--245},
	volume		=  {14},
	number		=  {2},
	year			=  {2005}
}
@misc{Dijk1972,
	author		= {Edsger W. Dijkstra},
	title			= {{ACM Turing Lecture} 1972},
	howpublished	= {\url{http://www.cs.utexas.edu/users/EWD/transcriptions/EWD03xx/EWD340.html}},
	year			= {1972},
	note			= {Accessed April 2011}
}
@article{Perry1992,
 	author		=  {Perry, Dewayne E. and Wolf, Alexander L.},
 	title			=  {Foundations for the Study of Software Architecture},
	journal		=  {ACM SIGSOFT Software Engineering Notes},
	pages		=  {40--52},
	volume		=  {17},
	number		=  {4},
	year			=  {1992}
}
@article{Hoch2003,
	author 		= {Lorin Hochstein and Mikael Lindvall},
	title 			= {Combating Architectural Degeneration: A Survey},
	journal 		= {Information and Software Technology},
	pages 		= {643--656},
	volume 		= {47},
	number 		= {10},
	year 			= {2005}
}
@article{Gurp2002,
	author		= {van Gurp, Jilles and Bosch, Jan},
	title			= {Design Erosion: Problems and Causes},
	journal		= {Journal of Systems and Software},
	pages		= {105--119},
	volume		= {61},
	number		= {2},
	year			= {2002}
}
@book{Jacob1992,
	author		= {Jacobson, Ivar},
	title			= {Object-oriented software engineering},
	publisher		= {Addison Wesley},
	year			= {1992},
}
@inproceedings{Izur2007, 
	author		= {Izurieta, C. and Bieman, J.M.}, 
	title			= {How Software Designs Decay: A Pilot Study of Pattern Evolution},
	booktitle		= {Proceedings of the 1st International Symposium on Empirical Software Engineering and Measurement},
	pages		= {449--451}, 
	publisher 		= {IEEE},
	year			= {2007}
}
@article{Dalgar2009,
 	author		=  {Mark Dalgarno},
 	title			=  {When Good Architecture Goes Bad},
	journal		=  {Methods and Tools},
	pages		=  {27--34},
	volume		=  {17},
	number		=  {1},
	year			=  {2009}
}
@inproceedings{Riaz2009,
	author		= {Mehwish Riaz and Muhammad Sulayman and Husnain Naqvi},
	title			= {Architectural Decay during Continuous Software Evolution and Impact of {`Design for Change'} on Software Architecture},
	booktitle		= {Proceedings of the International Conference on Advanced Software Engineering and Its Applications},
	pages		= {119--126},
	publisher		= {Springer},
	year			= {2009}
}
@article{Eick2001,
	author		= {Stephen G. Eick and Todd L. Graves and Alan F. Karr and J. S. Marron and Audris Mockus},
	title			= {Does Code Decay? {A}ssessing the Evidence from Change Management Data},
	journal		= {IEEE Transactions on Software Engineering},
	pages		= {1--12},
	volume		= {27},
	number		= {1},
	year			= {2001},
}
@article{String2006,
 	author		=  {C. Stringfellow and C.D. Amory and D. Potnuri and A. Andrews and M. Geor},
 	title			=  {Comparison of Software Architecture Reverse Engineering Methods},
	journal		=  {Information and Software Technology},
	pages		=  {484--497},
	volume		=  {48},
	number		=  {7},
	year			=  {2006}
}

